@article{wilkinson2016fair,
  title   = {The FAIR Guiding Principles for scientific data management and stewardship},
  author  = {Wilkinson, Mark D and Dumontier, Michel and Aalbersberg, IJsbrand Jan and Appleton, Gabrielle and Axton, Myles and Baak, Arie and Blomberg, Niklas and Boiten, Jan-Willem and Bonino da Silva Santos, Luiz and Bourne, Philip E and Bouwman, Jildau and Brookes, Anthony J and Clark, Tim and Crosas, Merc\`e and Dillo, Ingrid and Dumon, Olivier and Edmunds, Scott and Evelo, Chris T and Finkers, Richard and Gonzalez-Beltran, Alejandra and Gray, Alasdair J G and Groth, Paul and Goble, Carole and Grethe, Jeffrey S and Heringa, Jaap and 't Hoen, Peter A C and Hooft, Rob and Kuhn, Tobias and Kok, Ruben and Kok, Joost and Lusher, Scott J and Martone, Maryann E and Mons, Albert and Packer, Abel L and Persson, Bengt and Rocca-Serra, Philippe and Roos, Marco and van Schaik, Rene and Sansone, Susanna-Assunta and Schultes, Erik and Sengstag, Thierry and Slater, Ted and Strawn, George and Swertz, Morris A and Thompson, Mark and van der Lei, Johan and van Mulligen, Erik and Velterop, Jan and Waagmeester, Andra and Wittenburg, Peter and Wolstencroft, Katherine and Zhao, Jun and Mons, Barend},
  journal = {Scientific Data},
  year    = {2016},
  volume  = {3},
  eid     = {160018},
  doi     = {10.1038/sdata.2016.18}
}

@article{sandve2013reproducible,
  title   = {Ten Simple Rules for Reproducible Computational Research},
  author  = {Sandve, Geir Kjetil and Nekrutenko, Anton and Taylor, James and Hovig, Eivind},
  journal = {PLOS Computational Biology},
  year    = {2013},
  volume  = {9},
  number  = {10},
  pages   = {e1003285},
  doi     = {10.1371/journal.pcbi.1003285}
}

@article{tarca2007mlbio,
  title   = {Machine Learning and Its Applications to Biology},
  author  = {Tarca, Adi L. and Carey, Vincent J. and Chen, Xue-wen and Romero, Roberto and Dr\u{a}ghici, Sorin},
  journal = {PLOS Computational Biology},
  year    = {2007},
  volume  = {3},
  number  = {6},
  pages   = {e116},
  doi     = {10.1371/journal.pcbi.0030116}
}